<record><leader>00000cas a2200000 a 4500</leader><controlfield tag="001">12730589</controlfield><controlfield tag="007">hd afb---buuu</controlfield><controlfield tag="008">851028d18321861ncuwn n a     0    0eng c</controlfield><datafield ind1=" " ind2=" " tag="010"><subfield code="a">  2011229355</subfield></datafield><datafield ind1=" " ind2=" " tag="040"><subfield code="a">EWF</subfield><subfield code="b">eng</subfield><subfield code="c">EWF</subfield><subfield code="d">FUG</subfield><subfield code="d">OCLCQ</subfield><subfield code="d">OCLCF</subfield><subfield code="d">OCLCO</subfield><subfield code="d">OCLCQ</subfield></datafield><datafield ind1=" " ind2=" " tag="042"><subfield code="a">pcc</subfield></datafield><datafield ind1=" " ind2=" " tag="043"><subfield code="a">n-us-nc</subfield></datafield><datafield ind1="0" ind2=" " tag="130"><subfield code="a">Carolina watchman (Salisbury, N.C. : 1832)</subfield></datafield><datafield ind1="1" ind2="0" tag="245"><subfield code="a">Carolina watchman.</subfield></datafield><datafield ind1=" " ind2=" " tag="260"><subfield code="a">Salisbury, N.C. :</subfield><subfield code="b">J.J. Bruner.</subfield></datafield><datafield ind1=" " ind2=" " tag="300"><subfield code="a">volumes ;</subfield><subfield code="c">50 cm</subfield></datafield><datafield ind1=" " ind2=" " tag="310"><subfield code="a">Weekly,</subfield><subfield code="b">Sept. 30, 1861-Dec. 30, 1867</subfield></datafield><datafield ind1=" " ind2=" " tag="321"><subfield code="a">Weekly,</subfield><subfield code="b">July 28,1832-Feb. 1861</subfield></datafield><datafield ind1=" " ind2=" " tag="321"><subfield code="a">Semiweekly,</subfield><subfield code="b">Mar.-Sept. 23, 1861</subfield></datafield><datafield ind1=" " ind2=" " tag="336"><subfield code="a">text</subfield><subfield code="b">txt</subfield><subfield code="2">rdacontent</subfield></datafield><datafield ind1=" " ind2=" " tag="337"><subfield code="a">microform</subfield><subfield code="b">h</subfield><subfield code="2">rdamedia</subfield></datafield><datafield ind1=" " ind2=" " tag="338"><subfield code="a">microfilm reel</subfield><subfield code="b">hd</subfield><subfield code="2">rdacarrier</subfield></datafield><datafield ind1="1" ind2=" " tag="362"><subfield code="a">Began with July 28, 1832 issue; ceased with Dec. 30, 1867 issue.</subfield><subfield code="z">Cf. Newspapers in Microform, U.S., 1948-1972.</subfield></datafield><datafield ind1=" " ind2=" " tag="500"><subfield code="a">Publisher varies.</subfield></datafield><datafield ind1=" " ind2=" " tag="515"><subfield code="a">Some issues have third series. Some issues have volumes and numbers. Some issues have volumes, numbers and whole numbers.</subfield></datafield><datafield ind1=" " ind2=" " tag="515"><subfield code="a">Suspended from June, 1865-Jan. 8, 1866.</subfield></datafield><datafield ind1=" " ind2=" " tag="533"><subfield code="a">Microfilm.</subfield><subfield code="b">Raleigh :</subfield><subfield code="c">N.C. Dept. of Archives &amp; Hist.,</subfield><subfield code="d">[n.d.].</subfield><subfield code="e">9 microfilm reels ; 35 mm.</subfield></datafield><datafield ind1=" " ind2="0" tag="651"><subfield code="a">Salisbury (N.C.)</subfield><subfield code="v">Newspapers.</subfield></datafield><datafield ind1=" " ind2="7" tag="651"><subfield code="a">North Carolina</subfield><subfield code="z">Salisbury.</subfield><subfield code="2">fast</subfield><subfield code="0">(OCoLC)fst01202783</subfield></datafield><datafield ind1=" " ind2="7" tag="655"><subfield code="a">Newspapers.</subfield><subfield code="2">fast</subfield><subfield code="0">(OCoLC)fst01423814</subfield></datafield><datafield ind1=" " ind2=" " tag="752"><subfield code="a">United States</subfield><subfield code="b">North Carolina</subfield><subfield code="c">Rowan</subfield><subfield code="d">Salisbury.</subfield></datafield><datafield ind1="0" ind2="7" tag="785"><subfield code="t">Old North State (Salisbury, N.C. : 1866 : Weekly)</subfield><subfield code="w">(OCoLC)37426996</subfield></datafield><datafield ind1="0" ind2="7" tag="785"><subfield code="t">Watchman and Old North State</subfield><subfield code="w">(OCoLC)15028211</subfield></datafield></record>